<?xml version="1.0" encoding="UTF-8"?><record xmlns="http://www.loc.gov/MARC21/slim" xmlns:cinclude="http://apache.org/cocoon/include/1.0" xmlns:zs="http://www.loc.gov/zing/srw/">
  <leader>00442cz  a2200145n  4500</leader>
  <controlfield tag="001">n  98058626 </controlfield>
  <controlfield tag="003">DLC</controlfield>
  <controlfield tag="005">20130315104315.0</controlfield>
  <controlfield tag="008">980629n| azannaab           |a aaa      </controlfield>
  <datafield tag="010" ind1=" " ind2=" ">
    <subfield code="a">n  98058626 </subfield>
  </datafield>
  <datafield tag="040" ind1=" " ind2=" ">
    <subfield code="a">DLC</subfield>
    <subfield code="b">eng</subfield>
    <subfield code="e">rda</subfield>
    <subfield code="c">DLC</subfield>
    <subfield code="d">DLC</subfield>
  </datafield>
  <datafield tag="046" ind1=" " ind2=" ">
    <subfield code="g">1784</subfield>
  </datafield>
  <datafield tag="100" ind1="1" ind2=" ">
    <subfield code="a">Dixson, John,</subfield>
    <subfield code="d">-1784</subfield>
  </datafield>
  <datafield tag="400" ind1="1" ind2=" ">
    <subfield code="w">nnea</subfield>
    <subfield code="a">Dixson, John,</subfield>
    <subfield code="d">d. 1784</subfield>
  </datafield>
  <datafield tag="670" ind1=" " ind2=" ">
    <subfield code="a">Fobes, P. The paradise of God opened to a penitent thief ..., 1784:</subfield>
    <subfield code="b">t.p. (the execution of John Dixson)</subfield>
  </datafield>
</record>